@book{russell2016artificial,
  title={Artificial Intelligence: A Modern Approach, Global Edition},
  author={Russell, S. and Norvig, P.},
  isbn={9781292153964},
  series={Always learning},
  url={https://books.google.ca/books?id=XS9CjwEACAAJ},
  year={2016},
  publisher={Pearson Education, Limited}
}

@article{tripathi2011review,
  title={A review on knowledge-based expert system: concept and architecture},
  author={Tripathi, KP},
  journal={IJCA Special Issue on Artificial Intelligence Techniques-Novel Approaches \& Practical Applications},
  volume={4},
  pages={19--23},
  year={2011},
  publisher={Citeseer}
}


@article{kolobov2012planning,
  title={Planning with Markov decision processes: An {AI} perspective},
  author={Kolobov, Andrey},
  journal={Synthesis Lectures on Artificial Intelligence and Machine Learning},
  volume={6},
  number={1},
  pages={1--210},
  year={2012},
  publisher={Morgan \& Claypool Publishers}
}


@book{Goodfellow-et-al-2016,
  title={Deep Learning},
  author={Ian Goodfellow and Yoshua Bengio and Aaron Courville},
  publisher={MIT Press},
  note={\url{http://www.deeplearningbook.org}},
  year={2016}
}


@book{nielsen2015,
  title={Neural Networks and Deep Learning},
  author={Michael A. Nielsen},
  publisher={Determination Press},   
  year={2015},
  note={\url{http://neuralnetworksanddeeplearning.com/}}
}

@misc{colah2015,
  author    = {Christopher Olah},
  title     = {Calculus on Computational Graphs: Backpropagation},
  year     = {2015},
  month    = {August},
  note={\url{http://colah.github.io/posts/2015-08-Backprop/}}
}

@misc{vybihal-perceptron,
  author    = {Joseph Vybihal},
  title     = {Perceptron Learning},
  year     = {2016}
}

@misc{vybihal-swarm,
  author    = {Joseph Vybihal},
  title     = {Swarm Robotics},
  year     = {2016}
}

@misc{vybihal-expert,
  author    = {Joseph Vybihal},
  title     = {Expert Systems},
  year     = {2016}
}

@misc{vybihal-model,
  author    = {Joseph Vybihal},
  title     = {Full {AI} Model},
  year     = {2016}
}

@misc{vybihal-knowledge,
  author    = {Joseph Vybihal},
  title     = {Knowledge Nodes},
  year     = {2017}
}

@misc{vybihal-lambda,
	title={Search in Analogical Reasoning},
	author={Joseph Vybihal and Thomas R. Shultz},
	publisher={AAAI},
	year={1990}
}

@misc{isaac,
	title={{Prometheus} {AI} - {Expert} {System}},
	author={Isaac Sultan},
	year={2017}
}

@misc{siyi,
	title={{Knowledge} {Node} {Network} in {Prometheus} Project},
	author={Si Yi Li},
	year={2017}
}

@misc{vybihal-lambda,
	title={Search in Analogical Reasoning},
	author={Joseph Vybihal and Thomas R. Shultz},
	publisher={AAAI},
	year={1990}
}

@misc{simbad,
	author = {},
	title = {Simbad 3D Robot Simulator},
	howpublished = {\url{http://simbad.sourceforge.net/index.php}},
	month = {},
	year = {},
	note = {(Accessed on 03/27/2017)}
}